<?xml version="1.0" encoding="UTF-8"?><collection><record><leader>07676ntm a2200601 a 4500</leader><controlfield tag="001">006795132</controlfield><controlfield tag="003">MiAaHDL</controlfield><controlfield tag="005">20190719000000.0</controlfield><controlfield tag="006">m        d        </controlfield><controlfield tag="007">cr bn ---auaua</controlfield><controlfield tag="008">090520s14uu    xx            00| ||ara d</controlfield><datafield tag="035" ind1=" " ind2=" "><subfield code="a">(MiU)006795132</subfield></datafield><datafield tag="035" ind1=" " ind2=" "><subfield code="a">sdr-miu006795132</subfield></datafield><datafield tag="040" ind1=" " ind2=" "><subfield code="a">MiU</subfield><subfield code="c">MiU</subfield><subfield code="e">amremm</subfield></datafield><datafield tag="043" ind1=" " ind2=" "><subfield code="a">n-us-mi</subfield></datafield><datafield tag="100" ind1="1" ind2=" "><subfield code="6">880-01</subfield><subfield code="a">Marghīnānī, Maḥmūd ibn Aḥmad,</subfield><subfield code="d">1156 or 7-1219 or 20.</subfield></datafield><datafield tag="240" ind1="1" ind2="0"><subfield code="6">880-02</subfield><subfield code="a">Dhakhīrah al-Burhānīyah.</subfield><subfield code="k">Selections</subfield></datafield><datafield tag="245" ind1="1" ind2="0"><subfield code="6">880-03</subfield><subfield code="a">[Juzʼ min al-Dhakhīrah al-Burhānīyah,</subfield><subfield code="f">15th century?].</subfield></datafield><datafield tag="246" ind1="3" ind2=" "><subfield code="i">Title from inscription on upper doublure:</subfield><subfield code="a">خلاصة الفتاوى جزء منه</subfield></datafield><datafield tag="246" ind1="3" ind2=" "><subfield code="i">Title from inscription at head of table of contents on fol.1a (p.1):</subfield><subfield code="a">جزء من خلاصة الفتاوى</subfield></datafield><datafield tag="260" ind1=" " ind2=" "><subfield code="c">[14--?].</subfield></datafield><datafield tag="300" ind1=" " ind2=" "><subfield code="a">410 leaves :</subfield><subfield code="b">paper ;</subfield><subfield code="c">270 x 195 (205 x 130) mm.</subfield></datafield><datafield tag="500" ind1=" " ind2=" "><subfield code="a">Shelfmark: Ann Arbor, University of Michigan, Special Collections Library, Isl. Ms. 541</subfield></datafield><datafield tag="500" ind1=" " ind2=" "><subfield code="a">Origin: Lacks dated colophon ; paper suggests early 15th century and a dated statement on p.820 provides a rough terminus ante quem of 6th or 8th [?] Muḥarram 848 [ca. 25 or 27 April 1444].</subfield></datafield><datafield tag="500" ind1=" " ind2=" "><subfield code="a">Accompanying materials: a. Inventory cataloguing slip in hand of Winifred Smeaton Thomas. -- b. Acquisitions slip from Yahuda.</subfield></datafield><datafield tag="500" ind1=" " ind2=" "><subfield code="a">Former shelfmark: From inscription on inner front cover and spine label, "IL 112a" (likely supplied by Yahuda, see acquisitions slip).</subfield></datafield><datafield tag="500" ind1=" " ind2=" "><subfield code="a">Binding: Pasteboards covered in dark brown leather, with envelope flap in light brown leather ; Type II binding (with flap) ; both upper and lower doublures in dark red leather ; appears to have been cobbled together, with the flap and both the upper and lower covers coming from distinct bindings ; upper cover carries a rectangular geometric design with tooled fillets outlining alternating bands of tooled crosses and a vegetal hour-glass shaped stamp all surrounding a central array of squares (7 x 3) filled with additional tooled cross motifs ; entire panel is accented with gold-tooled dots lower cover carries a vestigial mandorla, visible where the boards were apparently re-covered ; envelope flap carries a partial border of fillets and repeated stamp impressions, two gold-tooled stamps, a single gold fillet, and a gold-tooled shamsah with four nodes and a field of quasi-knotwork stamps ; sewn in white thread, four stations, with some threads broken ; endbands in poor condition with tailband virtually gone and headband significantly damaged ; in poor condition with much abrasion, cracking, lifting and losses of leather (particularly at spine and edges of upper and lower covers), delamination of boards, etc. ; repairs in a few light brown leathers ; housed in box for protection.</subfield></datafield><datafield tag="500" ind1=" " ind2=" "><subfield code="a">Support: non-European (Arab or Persian) laid paper with vertical laidlines, 20 laidlines in 30 mm. and chain lines possibly in alternating sets of 3 and 2 (set of 3, 15-16 mm. apart, with 27 mm. between sets ; set of 2, 18 mm. apart with 32 mm. between sets ; set of 3, 15-18 mm. apart with 33 mm. between sets) ; There are no definitive matches in Humbert, but the relatively short distance between sets suggests a possible resemblance to the 15th cent. Shīrāzī and Iṣfahānī papers in Table VII (see Humbert, pp.46-47) ; paper of the table of contents (p.1-4) supplied on another Oriental laid paper with chain lines difficult to discern ; back flyleaf is in a European laid paper, though with no visible watermarks.</subfield></datafield><datafield tag="500" ind1=" " ind2=" "><subfield code="a">Decoration: Section headings and abbreviation symbols (such as mīm used as a fullstop) are rubricated ; overlining in red.</subfield></datafield><datafield tag="500" ind1=" " ind2=" "><subfield code="a">Script: Naskh, quite possibly Iraqi ; mainly serifless ; alifs sometimes have an S-shape and usually have a left foot ; bar (shaqq) of the kāf is a separate stroke, such that it terminates to the left of the ascender ; counters are generally tightly closed, such that the waw looks more like a rāʼ ; final yāʼ in word fī is mardūdah ; sparingly pointed.</subfield></datafield><datafield tag="500" ind1=" " ind2=" "><subfield code="a">Layout: Written in 23 lines per page ; frame-ruled (impression of ruling board evident).</subfield></datafield><datafield tag="500" ind1=" " ind2=" "><subfield code="a">Collation: I (2), IV-1 (9), 11 IV(97), V (107), III (113), 15 IV(233), IV (240), 21 IV(408), I (410), i ; chiefly quaternions ; quire numbering in Hindu-Arabic numerals occasionally visible, though most likely lost to trimming (see p.339) ; middle-of-quire marks in the form of oblique strokes either in all four corners or in the upper outer corner of the right-hand leaf and lower outer corner of the left-hand leaf ; catchwords present ; pagination in pencil, Western numerals (supplied during digitization, mistakenly repeats pp.476-477, includes back flyleaf).</subfield></datafield><datafield tag="500" ind1=" " ind2=" "><subfield code="a">Explicit: "وانما يكون لوالده اخر التعليم والارشاد وقال بعضهم حسناته تكون لابويه فالله اعلم تم كتاب الهبة والصدقة ويتلوه كتاب الاجازة"</subfield></datafield><datafield tag="500" ind1=" " ind2=" "><subfield code="a">Incipit: "كذلك [؟] وانما اذ عينتم من ميراث امكم فاذ [؟] جاء بوجه يكون له فيه من قوله ..."</subfield></datafield><datafield tag="500" ind1=" " ind2=" "><subfield code="a">Title supplied by cataloguer.</subfield></datafield><datafield tag="500" ind1=" " ind2=" "><subfield code="a">Ms. codex.</subfield></datafield><datafield tag="505" ind1="0" ind2=" "><subfield code="6">880-04</subfield><subfield code="a">Kitāb al-Daʻwá -- Kitāb al-Iqrār -- Kitab al-Ṣulḥ -- Kitāb al-Muḍārabah -- Kitāb al-Wadīʻah -- Kitāb al-ʻĀriyah -- Kitāb al-Hibah wa-al-ṣadaqah.</subfield></datafield><datafield tag="510" ind1="4" ind2=" "><subfield code="a">Brockelmann, C. GAL,</subfield><subfield code="c">I, 375 (18/2)</subfield></datafield><datafield tag="510" ind1="4" ind2=" "><subfield code="a">Humbert, G. "Papiers non-filigranés utilisés au proche-orient jusqu'en 1450: essai en typologie."</subfield><subfield code="c">Journal asiatique, 286, no.1 (1998): 1-54.</subfield></datafield><datafield tag="520" ind1="8" ind2=" "><subfield code="a">Fine copy of an acephalous odd volume of a treatise on Ḥanafī law, opening in Kitāb al-Daʻwá and concluding with the final faṣl of Kitāb al-Hibah wa-al-Ṣadaqah. Though Yahuda identifies the work as Ṭāhir ibn Aḥmad al-Bukhārī's Khulāṣat al-fatāwá, the content and arrangement suggest Maḥmūd ibn Aḥmad ibn ʻAbd al-ʻAzīz ibn ʻUmar ibn Māzah al-Bukhārī al-Marghīnānī's summary of his own al-Muḥīṭ al-Burhānī fī al-fiqh al-Nuʻmānī. Preceeded by table of contents. Description provided by Noah Gardiner.</subfield></datafield><datafield tag="538" ind1=" " ind2=" "><subfield code="a">Mode of access: Internet.</subfield></datafield><datafield tag="541" ind1=" " ind2=" "><subfield code="a">Acquired in 1926 from the bookseller Isaac Benjamin S.E. Yahuda via purchase transacted on his behalf by Abraham Shalom Yahuda (1877-1951), his younger brother.</subfield></datafield><datafield tag="546" ind1=" " ind2=" "><subfield code="a">Arabic.</subfield></datafield><datafield tag="561" ind1=" " ind2=" "><subfield code="a">Oval waqf-seal impression in the margin on p.17 and on back flyleaf (p.821) reads "من الكتب التي اوقفها الشيخ محمد التمامي [؟] ..." ; notice on p.820 dated 6th or 8th [?] Muḥarram 848 [ca. 25 or 27 April 1444] penned by Muḥammad Ḥājjī Ṭālib ; price on p.820 ; glosses, notabilia and marginal corrections in a few different hands throughout.</subfield></datafield><datafield tag="600" ind1="1" ind2="0"><subfield code="a">Marghīnānī, Maḥmūd ibn Aḥmad,</subfield><subfield code="d">1156 or 7-1219 or 20.</subfield><subfield code="t">Muḥīṭ al-Burhānī fī al-fiqh al-Nuʻmānī.</subfield><subfield code="k">Abridgment.</subfield></datafield><datafield tag="650" ind1=" " ind2="0"><subfield code="a">Manuscripts, Arabic</subfield><subfield code="z">Michigan</subfield><subfield code="z">Ann Arbor.</subfield></datafield><datafield tag="650" ind1=" " ind2="0"><subfield code="a">Hanafites</subfield><subfield code="y">12th century.</subfield></datafield><datafield tag="650" ind1=" " ind2="0"><subfield code="a">Islamic law</subfield><subfield code="v">Sources</subfield><subfield code="v">Early works to 1800.</subfield></datafield><datafield tag="773" ind1="0" ind2=" "><subfield code="a">Yahuda Collection.</subfield></datafield><datafield tag="880" ind1="0" ind2=" "><subfield code="6">505-04/</subfield><subfield code="a">كتاب الدعوى -- كتاب الاقرار -- كتاب الصلح -- كتاب المضاربة -- كتاب الوديعة -- كتاب العارية -- كتاب الهبة والصدقة.</subfield></datafield><datafield tag="880" ind1="1" ind2="0"><subfield code="6">245-03/</subfield><subfield code="a">[جزء من الذخيرة البرهانية,</subfield><subfield code="f">القرن 15م؟].</subfield></datafield><datafield tag="880" ind1="1" ind2="0"><subfield code="6">240-02/</subfield><subfield code="a">ذخيرة البرهانية.</subfield><subfield code="k">مختارات</subfield></datafield><datafield tag="880" ind1="1" ind2=" "><subfield code="6">100-01/</subfield><subfield code="a">مرغيناني، محمود بن احمد.</subfield></datafield><datafield tag="CID" ind1=" " ind2=" "><subfield code="a">006795132</subfield></datafield><datafield tag="DAT" ind1="0" ind2=" "><subfield code="a">20190719102635.0</subfield><subfield code="b">20190719000000.0</subfield></datafield><datafield tag="DAT" ind1="1" ind2=" "><subfield code="a">20190719090653.0</subfield><subfield code="b">2019-07-19T16:11:26Z</subfield></datafield><datafield tag="DAT" ind1="2" ind2=" "><subfield code="a">2015-10-02T18:00:03Z</subfield></datafield><datafield tag="CAT" ind1=" " ind2=" "><subfield code="a">SDR-MIU</subfield><subfield code="d">EX LIBRIS - ALEPH</subfield><subfield code="l">prepare.pl-004-008</subfield></datafield><datafield tag="FMT" ind1=" " ind2=" "><subfield code="a">BK</subfield></datafield><datafield tag="HOL" ind1=" " ind2=" "><subfield code="0">sdr-miu006795132</subfield><subfield code="a">MiU</subfield><subfield code="b">SDR</subfield><subfield code="c">MIU</subfield><subfield code="p">mdp.39015079126325</subfield><subfield code="s">MIU</subfield><subfield code="1">006795132</subfield></datafield><datafield tag="974" ind1=" " ind2=" "><subfield code="b">MIU</subfield><subfield code="c">MIU</subfield><subfield code="d">20190719</subfield><subfield code="s">lit-dlps-dc</subfield><subfield code="u">mdp.39015079126325</subfield><subfield code="y">1499</subfield><subfield code="r">pd</subfield><subfield code="q">bib</subfield><subfield code="t">non-US bib date1 &lt; 1896</subfield></datafield></record></collection>